@patent{patent1,
  author = {赵青，廖彬彬，谢龙昊，马春光},
  title = {一种基于深度卷积网络的机载探地雷达目标识别方法},
  date = {2018.06.19},
  country = {中国},
  type = {发明专利},
  id = {201711418694.0}
}

@patent{patent2,
  author = {赵青，谢龙昊，廖彬彬，马春光},
  title = {一种基于卷积神经网络的钻孔雷达目标识别方法},
  date = {2018.06.15},
  country = {中国},
  type = {发明专利},
  id = {201711365529.3}
}
