

@article{王群2001基于神经网络的探地雷达探雷研究,
  title={基于神经网络的探地雷达探雷研究},
  author={王群 and 何云龙 and 王春和 and 房旭民 and 倪宏伟},
  journal={电波科学学报},
  volume={16},
  number={3},
  pages={398-403},
  year={2001},
  abstract={根据对探地雷达回波信号的分析,提出了一种新的适合于现场处理的探雷方法.采用延时校正、维纳自适应滤波及减背景等手段对原始数据进行预处理,提取Welch功率谱密度估计作为目标的特征 ,将特征送入神经网络进行分类训练.使用地雷目标与其相近的物体的数据进行对比试验和神经网络测试,结果表明,经过训练的神经网络可有效地将地雷与其它干扰物分开 .},
}

@article{刘敦文2004一种基于神经网络的探地雷达信号解释研究,
  title={一种基于神经网络的探地雷达信号解释研究},
  author={刘敦文 and 徐国元 and 黄仁东 and 古德生},
  journal={地球物理学进展},
  volume={19},
  number={1},
  pages={179-182},
  year={2004},
 abstract={运用人工神经网络理论和方法,建立了用于隧道衬砌厚度探地雷达探测信号解释的BP神经网络模型,对某公路隧道衬砌检测厚度进行了分析应用,并与钻孔取芯结果进行比较,实践证明,该方法可提高探地雷达信号解释精度和工作效率.},
}

@article{胡进峰2006探地雷达多目标识别方法的研究,
  title={探地雷达多目标识别方法的研究},
  author={胡进峰 and 周正欧 and 孔令讲},
  journal={电子与信息学报},
  volume={28},
  number={1},
  pages={26-30},
  year={2006},
 abstract={与现有的机器学习算法相比,在有限样本的情况下,支撑矢量机具有更强的分类推广能力。该文在提出利 用非线性映射进行探地雷达目标识别的基础上,将多目标识别支撑矢量机与探地雷达目标识别相结合,得到了基于 一对一(One against one)支撑矢量机的探地雷达多目标识别方法。所提方法包括基于一对一的探地雷达多目标识别 方法、交叉验证的参数选取方法、多通道识别方法;并且和传统的神经网络识别方法进行对比分析。所提识别方法 可以与各种目标特征选取方法相结合。对实测数据的对比处理表明所提方法优于传统探地雷达目标识别方法,所得 结论对探地雷达目标识别的研究有指导意义。},
}

@onlynote{2015瞬态脉冲雷达成像测井及实验研究,
note = {马春光. 瞬态脉冲雷达成像测井及实验研究[D].电子科技大学, 2015.}
}

@article{hinton2006reducing,
  title={Reducing the dimensionality of data with neural networks},
  author={Hinton, Geoffrey E and Salakhutdinov, Ruslan R},
  journal={science},
  volume={313},
  number={5786},
  pages={504--507},
  year={2006},
  publisher={American Association for the Advancement of Science}
}

@article{gonzalez2015real,
  title={A real-time end-to-end multilingual speech recognition architecture},
  author={Gonzalez-Dominguez, Javier and Eustis, David and Lopez-Moreno, Ignacio and Senior, Andrew and Beaufays, Fran{\c{c}}oise and Moreno, Pedro J},
  journal={IEEE Journal of selected topics in signal processing},
  volume={9},
  number={4},
  pages={749--759},
  year={2015},
  publisher={IEEE}
}

@inproceedings{krizhevsky2012imagenet,
  title={Imagenet classification with deep convolutional neural networks},
  author={Krizhevsky, Alex and Sutskever, Ilya and Hinton, Geoffrey E},
  booktitle={Advances in neural information processing systems},
  pages={1097--1105},
  year={2012}
}

@article{hinton2006fast,
  title={A fast learning algorithm for deep belief nets},
  author={Hinton, Geoffrey E and Osindero, Simon and Teh, Yee-Whye},
  journal={Neural computation},
  volume={18},
  number={7},
  pages={1527--1554},
  year={2006},
  publisher={MIT Press}
}

@inproceedings{besaw2014deep,
  title={Deep learning algorithms for detecting explosive hazards in ground penetrating radar data},
  author={Besaw, Lance E and Stimac, Philip J},
  booktitle={Detection and Sensing of Mines, Explosive Objects, and Obscured Targets XIX},
  volume={9072},
  pages={90720Y},
  year={2014},
  organization={International Society for Optics and Photonics}
}

@article{nunez2014gpr,
  title={GPR signal characterization for automated landmine and UXO detection based on machine learning techniques},
  author={N{\'u}{\~n}ez-Nieto, Xavier and Solla, Mercedes and G{\'o}mez-P{\'e}rez, Paula and Lorenzo, Henrique},
  journal={Remote sensing},
  volume={6},
  number={10},
  pages={9729--9748},
  year={2014},
  publisher={Multidisciplinary Digital Publishing Institute}
}

@article{li2018through,
  title={Through Wall Human Detection Under Small Samples Based on Deep Learning Algorithm},
  author={Li, Yuliang and Wang, Wei and Jiang, Yu},
  journal={IEEE Access},
  volume={6},
  pages={65837--65844},
  year={2018},
  publisher={IEEE}
}

@inproceedings{huo2014design,
  title={Design and tests of a borehole radar for oil well prospecting},
  author={Huo, Jianjian and Zhao, Qing and Ma, Chunguang and Sun, Xu and Wang, Likai and Bo, Yong and Chang, Xinghao and Zhao, Yonggang},
  booktitle={Proceedings of the 15th International Conference on Ground Penetrating Radar},
  pages={798--802},
  year={2014},
  organization={IEEE}
}

@inproceedings{ma2014field,
  title={Field test of directional borehole radar in a hydrocarbon production well},
  author={Ma, Chunguang and Zhao, Qing and Chang, Xinghao and Ran, Limin and Liu, Lanbo},
  booktitle={Proceedings of the 15th International Conference on Ground Penetrating Radar},
  pages={334--338},
  year={2014},
  organization={IEEE}
}

@inproceedings{guo2017ultrawideband,
  title={An Ultrawideband Antipodal Vivaldi Antenna for borehole radar application},
  author={Guo, Jiyu and Jiao, Jiao and Ma, Chunguang and Huo, Jianjian and Liu, Shuzhang and others},
  booktitle={2017 9th International Workshop on Advanced Ground Penetrating Radar (IWAGPR)},
  pages={1--5},
  year={2017},
  organization={IEEE}
}

@article{neal2004ground,
  title={Ground-penetrating radar and its use in sedimentology: principles, problems and progress},
  author={Neal, Adrian},
  journal={Earth-science reviews},
  volume={66},
  number={3-4},
  pages={261--330},
  year={2004},
  publisher={Elsevier}
}

@article{knight2001ground,
  title={Ground penetrating radar for environmental applications},
  author={Knight, Rosemary},
  journal={Annual Review of Earth and Planetary Sciences},
  volume={29},
  number={1},
  pages={229--255},
  year={2001},
  publisher={Annual Reviews 4139 El Camino Way, PO Box 10139, Palo Alto, CA 94303-0139, USA}
}

@article{baker2007introduction,
  title={An introduction to ground penetrating radar (GPR)},
  author={Baker, Gregory S and Jordan, Thomas E and Pardy, Jennifer and others},
  journal={SPECIAL PAPERS-GEOLOGICAL SOCIETY OF AMERICA},
  volume={432},
  pages={1},
  year={2007},
  publisher={Boulder, Colo.; Geological Society of America; 1999}
}

@inproceedings{wang2017signal,
  title={Signal processing technology and its application research of ground penetrating radar (GPR)},
  author={Wang, Wanshun and Hao, Lisheng and Li, Xiuwen and Sun, Jianhui},
  booktitle={IOP Conference Series: Earth and Environmental Science},
  volume={69},
  number={1},
  pages={012077},
  year={2017},
  organization={IOP Publishing}
}

@book{jol2008ground,
  title={Ground penetrating radar theory and applications},
  author={Jol, Harry M},
  year={2008},
  publisher={elsevier}
}

@inproceedings{liu2017review,
  title={A review of image recognition with deep convolutional neural network},
  author={Liu, Qing and Zhang, Ningyu and Yang, Wenzhu and Wang, Sile and Cui, Zhenchao and Chen, Xiangyang and Chen, Liping},
  booktitle={International Conference on Intelligent Computing},
  pages={69--80},
  year={2017},
  organization={Springer}
}

@inproceedings{glorot2011deep,
  title={Deep sparse rectifier neural networks},
  author={Glorot, Xavier and Bordes, Antoine and Bengio, Yoshua},
  booktitle={Proceedings of the fourteenth international conference on artificial intelligence and statistics},
  pages={315--323},
  year={2011}
}

@article{lecun1989backpropagation,
  title={Backpropagation applied to handwritten zip code recognition},
  author={LeCun, Yann and Boser, Bernhard and Denker, John S and Henderson, Donnie and Howard, Richard E and Hubbard, Wayne and Jackel, Lawrence D},
  journal={Neural computation},
  volume={1},
  number={4},
  pages={541--551},
  year={1989},
  publisher={MIT Press}
}

@article{2017deep,
author = {Vargas, Rocio and Mosavi, Amir and Ruiz, Ramon},
year = {2017},
month = {08},
pages = {},
title = {DEEP LEARNING: A REVIEW},
volume = {5},
journal = {Advances in Intelligent Systems and Computing}
}

@article{harrison1970reconstruction,
  title={Reconstruction of subglacial relief from radio echo sounding records},
  author={Harrison, Christopher H},
  journal={Geophysics},
  volume={35},
  number={6},
  pages={1099--1115},
  year={1970},
  publisher={Society of Exploration Geophysicists}
}

@article{sen2003numerical,
  title={Numerical and field investigations of GPR: toward an airborne GPR},
  author={Sen, Mrinal K and Stoffa, Paul L and Seifoullaev, Roustam K and Fokkema, Jacob T},
  journal={Subsurface Sensing Technologies and Applications},
  volume={4},
  number={1},
  pages={41--60},
  year={2003},
  publisher={Springer}
}

@article{4308320, 
author={A. G. {Ivakhnenko}}, 
journal={IEEE Transactions on Systems, Man, and Cybernetics}, 
title={Polynomial Theory of Complex Systems}, 
year={1971}, 
volume={SMC-1}, 
number={4}, 
pages={364-378}, 
keywords={Polynomials;Cybernetics;Control systems;Plants (biology);Automatic control;Educational institutions;Tongue;Writing;Data handling;Optimization methods}, 
doi={10.1109/TSMC.1971.4308320}, 
ISSN={0018-9472}, 
month={Oct}}

@article{fukushima1980neocognitron,
  title={Neocognitron: A self-organizing neural network model for a mechanism of pattern recognition unaffected by shift in position},
  author={Fukushima, Kunihiko},
  journal={Biological cybernetics},
  volume={36},
  number={4},
  pages={193--202},
  year={1980},
  publisher={Springer}
}

@article{rumelhart1988learning,
  title={Learning representations by back-propagating errors},
  author={Rumelhart, David E and Hinton, Geoffrey E and Williams, Ronald J and others},
  journal={Cognitive modeling},
  volume={5},
  number={3},
  pages={1},
  year={1988}
}

@article{peplinski1995dielectric,
  title={Dielectric properties of soils in the 0.3-1.3-GHz range},
  author={Peplinski, Neil R and Ulaby, Fawwaz T and Dobson, Myron C},
  journal={IEEE Transactions on Geoscience and Remote Sensing},
  volume={33},
  number={3},
  pages={803--807},
  year={1995},
  publisher={IEEE}
}

@book{turcotte1997fractals,
  title={Fractals and chaos in geology and geophysics},
  author={Turcotte, Donald L},
  year={1997},
  publisher={Cambridge university press}
}

@article{giannopoulos2005modelling,
  title={Modelling ground penetrating radar by GprMax},
  author={Giannopoulos, Antonis},
  journal={Construction and building materials},
  volume={19},
  number={10},
  pages={755--762},
  year={2005},
  publisher={Elsevier}
}

@article{warren2016gprmax,
  title={gprMax: Open source software to simulate electromagnetic wave propagation for Ground Penetrating Radar},
  author={Warren, Craig and Giannopoulos, Antonios and Giannakis, Iraklis},
  journal={Computer Physics Communications},
  volume={209},
  pages={163--170},
  year={2016},
  publisher={Elsevier}
}

@article{warren2019cuda,
  title={A CUDA-based GPU engine for gprMax: open source FDTD electromagnetic simulation software},
  author={Warren, Craig and Giannopoulos, Antonios and Gray, Alan and Giannakis, Iraklis and Patterson, Alan and Wetter, Laura and Hamrah, Andre},
  journal={Computer Physics Communications},
  volume={237},
  pages={208--218},
  year={2019},
  publisher={Elsevier}
}

@article{srivastava2014dropout,
  title={Dropout: a simple way to prevent neural networks from overfitting},
  author={Srivastava, Nitish and Hinton, Geoffrey and Krizhevsky, Alex and Sutskever, Ilya and Salakhutdinov, Ruslan},
  journal={The Journal of Machine Learning Research},
  volume={15},
  number={1},
  pages={1929--1958},
  year={2014},
  publisher={JMLR. org}
}

@article{liu2018inversion,
  title={Inversion of Ground Penetrating Radar Data Based on Neural Networks},
  author={Liu, Tao and Su, Yi and Huang, Chunlin},
  journal={Remote Sensing},
  volume={10},
  number={5},
  pages={730},
  year={2018},
  publisher={Multidisciplinary Digital Publishing Institute}
}